%%%%%%%%%%%%%%%%%%%%%%% Comments %%%%%%%%%%%%%%%%%%%%%%%%
%% BibTeX can accept names in "forename surname" or "surname, forename".
%% to tell BibTeX when a reference has more than one author by putting the keyword "and" in between every author.
%%%%%%%%%%%%%%%%%%%%%%% Bibliography %%%%%%%%%%%%%%%%%%%%%%%
@article{chen2005zhulu,
    title={著录文后参考文献的规则及注意事项},
    author={陈浩元},
    journal={编辑学报},
    volume={17},
    number={6},
    pages={413--415},
    year={2005}
}
@techreport{cunha1995characteristics,
  title={Characteristics of WWW client-based traces},
  author={Cunha, Carlos R and Bestavros, Azer and Crovella, Mark E},
  year={1995},
  institution={Boston University Computer Science Department}
}
@book{zipf2016human,
  title={Human behavior and the principle of least effort: An introduction to human ecology},
  author={Zipf, George Kingsley},
  year={2016},
  publisher={Ravenio Books}
}
@inproceedings{almeida1996characterizing,
  title={Characterizing reference locality in the WWW},
  author={Almeida, Virgilio and Bestavros, Azer and Crovella, Mark and De Oliveira, Adriana},
  booktitle={Parallel and Distributed Information Systems, 1996., Fourth International Conference on},
  pages={92--103},
  year={1996},
  organization={IEEE}
}
@inproceedings{gill2007youtube,
  title={Youtube traffic characterization: a view from the edge},
  author={Gill, Phillipa and Arlitt, Martin and Li, Zongpeng and Mahanti, Anirban},
  booktitle={Proceedings of the 7th ACM SIGCOMM conference on Internet measurement},
  pages={15--28},
  year={2007},
  organization={ACM}
}
@article{cha2009analyzing,
  title={Analyzing the video popularity characteristics of large-scale user generated content systems},
  author={Cha, Meeyoung and Kwak, Haewoon and Rodriguez, Pablo and Ahn, Yong-Yeol and Moon, Sue},
  journal={IEEE/ACM Transactions on Networking (TON)},
  volume={17},
  number={5},
  pages={1357--1370},
  year={2009},
  publisher={IEEE Press}
}
@inproceedings{kwak2010twitter,
  title={What is Twitter, a social network or a news media?},
  author={Kwak, Haewoon and Lee, Changhyun and Park, Hosung and Moon, Sue},
  booktitle={Proceedings of the 19th international conference on World wide web},
  pages={591--600},
  year={2010},
  organization={ACM}
}
@article{barabasi05,
  title = {The origin of bursts and heavy tails in human dynamics},
  author = {Barabasi, Albert-Laszlo},
  journal = {Nature},
  volume = {435},
  pages = {207-211},
  year = {2005}
}
@inproceedings{kaltenbrunner2007description,
  title={Description and prediction of slashdot activity},
  author={Kaltenbrunner, Andreas and Gomez, Vicenc and Lopez, Vicente},
  booktitle={Web Conference, 2007. LA-WEB 2007. Latin American},
  pages={57--66},
  year={2007},
  organization={IEEE}
}
@article{bao2013cumulative,
  title={Cumulative effect in information diffusion: empirical study on a microblogging network},
  author={Bao, Peng and Shen, Hua-Wei and Chen, Wei and Cheng, Xue-Qi},
  journal={PloS one},
  volume={8},
  number={10},
  pages={e76027},
  year={2013},
  publisher={Public Library of Science}
}
@inproceedings{yang2011patterns,
  title={Patterns of temporal variation in online media},
  author={Yang, Jaewon and Leskovec, Jure},
  booktitle={Proceedings of the fourth ACM international conference on Web search and data mining},
  pages={177--186},
  year={2011},
  organization={ACM}
}
@article{crane2008robust,
  title={Robust dynamic classes revealed by measuring the response function of a social system},
  author={Crane, Riley and Sornette, Didier},
  journal={Proceedings of the National Academy of Sciences},
  volume={105},
  number={41},
  pages={15649--15653},
  year={2008},
  publisher={National Acad Sciences}
}
@inproceedings{ferraz2015rsc,
  title={Rsc: Mining and modeling temporal activity in social media},
  author={Ferraz Costa, Alceu and Yamaguchi, Yuto and Juci Machado Traina, Agma and Traina Jr, Caetano and Faloutsos, Christos},
  booktitle={Proceedings of the 21th ACM SIGKDD International Conference on Knowledge Discovery and Data Mining},
  pages={269--278},
  year={2015},
  organization={ACM}
}


